% ------------------------------------------------------------------------
% BIBLIOGRAFIA
% ------------------------------------------------------------------------

@book{ProGit,
  author    = {Ben Straub, Scott Chacon},
  year      = {2009},
  title     = {Pro Git},
  publisher = {Apress},
  edition   = {2}
}

@online{Programiz,
  title   = {Strona internetowa Programiz},
  url     = {https://www.programiz.com/dsa/doubly-linked-list#insertion-at-beginning},
  urldate = {2024-10-24}
}

@online{ZPE,
  title   = {Strona internetowa Zintegrowanej Platformy Edukacyjnej},
  url     = {https://zpe.gov.pl/pdf/Puhk7mD92beginning},
  urldate = {2024-10-24}
}

@online{GitHubProjectTemplate,
  title   = {Szablon utworzony na potrzeby projektu (repozytorium GitHub)},
  url     = {https://github.com/Me-Phew/programowanie-zaawansowane-template},
  urldate = {2024-10-24}
}

@online{GitHubProject,
  title   = {Repozytorium projektu na platformie GitHub},
  url     = {https://github.com/Me-Phew/doubly-linked-list},
  urldate = {2024-10-24}
}

